% Incluye aquí la lista de referencias que utilices en tu trabajo.

% Los registros deben estar en formato BIBTEX:

% @documenttype{id-referencia,
%   title={El título del documento},
%   author={Apellido1, Nombre1 and Apellido2, Nombre2 and Apellido3, Nombre3},
%   year={AAAA},
%   publisher={Nombre editorial},
%}



@article{darts,
	title = {Darts: {User}-{Friendly} {Modern} {Machine} {Learning} for {Time} {Series}},
	volume = {23},
	url = {http://jmlr.org/papers/v23/21-1177.html},
	number = {124},
	journal = {Journal of Machine Learning Research},
	author = {Herzen, Julien and Lässig, Francesco and Piazzetta, Samuele Giuliano and Neuer, Thomas and Tafti, LÃ©o and Raille, Guillaume and Pottelbergh, Tomas Van and Pasieka, Marek and Skrodzki, Andrzej and Huguenin, Nicolas and Dumonal, Maxime and KoÅ›cisz, Jan and Bader, Dennis and Gusset, FrÃ©dÃ©rick and Benheddi, Mounir and Williamson, Camila and Kosinski, Michal and Petrik, Matej and Grosch, GaÃ«l},
	year = {2022},
	pages = {1--6},
	file = {Texto completo:/home/antonio/Zotero/storage/YTR6AY24/Herzen et al. - 2022 - Darts User-Friendly Modern Machine Learning for T.pdf:application/pdf},
}

@article{prophet,
	title = {Forecasting at scale},
	url = {https://doi.org/10.7287/peerj.preprints.3190v2},
	journal = {PeerJ Preprints 5:e3190v2},
	author = {Taylor, Sean J and Letham, Benjamin},
	year = {2017},
	file = {Texto completo:/home/antonio/Zotero/storage/5HBX2DPQ/Taylor y Letham - 2017 - Forecasting at scale.pdf:application/pdf},
}

@misc{deepar,
	title = {{DeepAR}: {Probabilistic} {Forecasting} with {Autoregressive} {Recurrent} {Networks}},
	url = {https://arxiv.org/abs/1704.04110},
	author = {Salinas, David and Flunkert, Valentin and Gasthaus, Jan},
	year = {2019},
	note = {\_eprint: 1704.04110},
	file = {Texto completo:/home/antonio/Zotero/storage/SDHUPBDT/Salinas et al. - 2019 - DeepAR Probabilistic Forecasting with Autoregress.pdf:application/pdf},
}

@misc{nbeats,
	title = {N-{BEATS}: {Neural} basis expansion analysis for interpretable time series forecasting},
	url = {https://arxiv.org/abs/1905.10437},
	author = {Oreshkin, Boris N. and Carpov, Dmitri and Chapados, Nicolas and Bengio, Yoshua},
	year = {2020},
	note = {\_eprint: 1905.10437},
	file = {Texto completo:/home/antonio/Zotero/storage/8H2VQTSQ/Oreshkin et al. - 2020 - N-BEATS Neural basis expansion analysis for inter.pdf:application/pdf},
}

@misc{pytorch,
	title = {{PyTorch}: {An} {Imperative} {Style}, {High}-{Performance} {Deep} {Learning} {Library}},
	url = {https://arxiv.org/abs/1912.01703},
	author = {Paszke, Adam and Gross, Sam and Massa, Francisco and Lerer, Adam and Bradbury, James and Chanan, Gregory and Killeen, Trevor and Lin, Zeming and Gimelshein, Natalia and Antiga, Luca and Desmaison, Alban and Köpf, Andreas and Yang, Edward and DeVito, Zach and Raison, Martin and Tejani, Alykhan and Chilamkurthy, Sasank and Steiner, Benoit and Fang, Lu and Bai, Junjie and Chintala, Soumith},
	year = {2019},
	note = {\_eprint: 1912.01703},
	file = {Texto completo:/home/antonio/Zotero/storage/XBM92B57/Paszke et al. - 2019 - PyTorch An Imperative Style, High-Performance Dee.pdf:application/pdf},
}

@misc{nhits,
	title = {N-{HiTS}: {Neural} {Hierarchical} {Interpolation} for {Time} {Series} {Forecasting}},
	url = {https://arxiv.org/abs/2201.12886},
	author = {Challu, Cristian and Olivares, Kin G. and Oreshkin, Boris N. and Garza, Federico and Mergenthaler-Canseco, Max and Dubrawski, Artur},
	year = {2022},
	note = {\_eprint: 2201.12886},
	file = {Texto completo:/home/antonio/Zotero/storage/UNJ7QCWJ/Challu et al. - 2022 - N-HiTS Neural Hierarchical Interpolation for Time.pdf:application/pdf},
}

@misc{tcn,
	title = {Probabilistic {Forecasting} with {Temporal} {Convolutional} {Neural} {Network}},
	url = {https://arxiv.org/abs/1906.04397},
	author = {Chen, Yitian and Kang, Yanfei and Chen, Yixiong and Wang, Zizhuo},
	year = {2020},
	note = {\_eprint: 1906.04397},
	file = {Texto completo:/home/antonio/Zotero/storage/Q3SBY58I/Chen et al. - 2020 - Probabilistic Forecasting with Temporal Convolutio.pdf:application/pdf},
}

@misc{tft,
	title = {Temporal {Fusion} {Transformers} for {Interpretable} {Multi}-horizon {Time} {Series} {Forecasting}},
	url = {https://arxiv.org/abs/1912.09363},
	author = {Lim, Bryan and Arik, Sercan O. and Loeff, Nicolas and Pfister, Tomas},
	year = {2020},
	note = {\_eprint: 1912.09363},
	file = {Texto completo:/home/antonio/Zotero/storage/JCJ9FAGX/Lim et al. - 2020 - Temporal Fusion Transformers for Interpretable Mul.pdf:application/pdf},
}

@misc{dlinear,
	title = {Are {Transformers} {Effective} for {Time} {Series} {Forecasting}?},
	url = {https://arxiv.org/abs/2205.13504},
	author = {Zeng, Ailing and Chen, Muxi and Zhang, Lei and Xu, Qiang},
	year = {2022},
	note = {\_eprint: 2205.13504},
	file = {Texto completo:/home/antonio/Zotero/storage/JDX8ZAM6/Zeng et al. - 2022 - Are Transformers Effective for Time Series Forecas.pdf:application/pdf},
}

@misc{tide,
	title = {Long-term {Forecasting} with {TiDE}: {Time}-series {Dense} {Encoder}},
	url = {https://arxiv.org/abs/2304.08424},
	author = {Das, Abhimanyu and Kong, Weihao and Leach, Andrew and Mathur, Shaan and Sen, Rajat and Yu, Rose},
	year = {2024},
	note = {\_eprint: 2304.08424},
	file = {Texto completo:/home/antonio/Zotero/storage/M6GEW8WQ/Das et al. - 2024 - Long-term Forecasting with TiDE Time-series Dense.pdf:application/pdf},
}

@misc{tsmixer,
	title = {{TSMixer}: {An} {All}-{MLP} {Architecture} for {Time} {Series} {Forecasting}},
	url = {https://arxiv.org/abs/2303.06053},
	author = {Chen, Si-An and Li, Chun-Liang and Yoder, Nate and Arik, Sercan O. and Pfister, Tomas},
	year = {2023},
	note = {\_eprint: 2303.06053},
	file = {Texto completo:/home/antonio/Zotero/storage/BF9NK7DP/Chen et al. - 2023 - TSMixer An All-MLP Architecture for Time Series F.pdf:application/pdf},
}

@book{bovas,
	series = {Wiley {Series} in {Probability} and {Statistics}},
	title = {Statistical {Methods} for {Forecasting}},
	publisher = {Wiley},
	author = {Abraham, Bovas and Ledolter, Johannes},
	year = {2005},
}

@book{intro,
	series = {Wiley {Series} in {Probability} and {Statistics}},
	title = {Introduction to {Time} {Series} {Analysis} and {Forecasting}},
	isbn = {978-1-118-74515-1},
	url = {https://books.google.es/books?id=Xeh8CAAAQBAJ},
	publisher = {Wiley},
	author = {Montgomery, D.C. and Jennings, C.L. and Kulahci, M.},
	year = {2015},
}


@book{python,
	address = {Scotts Valley, CA},
	title = {Python 3 {Reference} {Manual}},
	isbn = {1-4414-1269-7},
	publisher = {CreateSpace},
	author = {Van Rossum, Guido and Drake, Fred L.},
	year = {2009},
}

@article{winters,
	author = {Chatfield, C.},
	title = {The Holt-Winters Forecasting Procedure},
	journal = {Journal of the Royal Statistical Society: Series C (Applied Statistics)},
	volume = {27},
	number = {3},
	pages = {264-279},
	keywords = {holt-winters method, box-jenkins method, forecasting, exponential smoothing},
	doi = {https://doi.org/10.2307/2347162},
	url = {https://rss.onlinelibrary.wiley.com/doi/abs/10.2307/2347162},
	eprint = {https://rss.onlinelibrary.wiley.com/doi/pdf/10.2307/2347162},
	abstract = {Summary The Holt-Winters forecasting procedure is a simple widely used projection method which can cope with trend and seasonal variation. However, empirical studies have tended to show that the method is not as accurate on average as the more complicated Box-Jenkins procedure. This paper points out that these empirical studies have used the automatic version of the method, whereas a non-automatic version is also possible in which subjective judgement is employed, for example, to choose the correct model for seasonality. The paper re-analyses seven series from the Newbold-Granger study for which Box-Jenkins forecasts were reported to be much superior to the (automatic) Holt-Winters forecasts. The series do not appear to have any common properties, but it is shown that the automatic Holt-Winters forecasts can often be improved by subjective modifications. It is argued that a fairer comparison would be that between Box-Jenkins and a non-automatic version of Holt-Winters. Some general recommendations are made concerning the choice of a univariate forecasting procedure. The paper also makes suggestions regarding the implementation of the Holt-Winters procedure, including a choice of starting values.},
	year = {1978}
}

@software{pandas,
    author       = {{\relax The pandas development team}},
    title        = {pandas-dev/pandas: Pandas},
    month        = feb,
    year         = 2020,
    publisher    = {Zenodo},
    version      = {latest},
    doi          = {10.5281/zenodo.3509134},
    url          = {https://doi.org/10.5281/zenodo.3509134}
}

@dataset{petrol,
	author		= {{\relax European Commission, Directorate-General for Energy}},
	title		= {El Boletín del Petróleo de la Comisión Europea},
	url			= {http://data.europa.eu/88u/dataset/eu-oil-bulletin},
	year 		= 2024
}

% La mayoría de bases de datos permiten descargar los registros en formato Bibtex. Te recomendamos que borres o comentes los campos que no deben aparecer en la referencia y que siempre revises la sección de Bibliografía para comprobar que las referencias están bien construidas.

% IMPORTANTE: en Látex hay una serie de caracteres especiales, que son: # $ % & \ ^ _ { } ~. Si aparecen en la bibliografía, tendrás un error al compilar. La mayoría se pueden escapar escribiendo \ delante. Para: \ utiliza \textbackslash ; para ^ \textasciitilde y para ~ \textasciicircum.